@ARTICLE{jain1996,
  author={Jain, A.K. and Jianchang Mao and Mohiuddin, K.M.},
  journal={Computer}, 
  title={Artificial neural networks: a tutorial}, 
  year={1996},
  volume={29},
  number={3},
  pages={31-44},
  doi={10.1109/2.485891}}
